@MISC{Nakamoto2008,
    author = {Satoshi Nakamoto},
    title = {Bitcoin: A peer-to-peer electronic cash system},
    note = {http://bitcoin.org/bitcoin.pdf},
    year = {2008}
}

@InProceedings{VowkWaitSchmidt2004,
  author =       "Vowk, B. and Wait, A. and Schmidt, C.",
  title =        "An Evolutionary Approach Generates Human Competitive
                 Corewar Programs",
  booktitle =    "Workshop and Tutorial Proceedings Ninth International
                 Conference on the Simulation and Synthesis of Living
                 Systems(Alife {XI})",
  year =         "2004",
  editor =       "Mark Bedau and Phil Husbands and Tim Hutton and 
                 Sanjeev Kumar and Hideaki Sizuki",
  pages =        "33--36",
  address =      "Boston, Massachusetts",
  month =        "12 " # sep,
  note =         "Artificial Chemistry and its applications workshop"
}

@Article{Dewdney1984,
  author = 	 {Dewdney, A.K.},
  title = 	 {In the game called core war hostile programs engage in a battle of bits.},
  journal = 	 {Scientific American},
  year = 	 {1984},
  number = 	 {250},
  pages = 	 {14-22}
}

@Article{JonasKording2017,
   Author="Jonas, E.  and Kording, K. P. ",
   Title="{{C}ould a {N}euroscientist {U}nderstand a {M}icroprocessor?}",
   Journal="PLoS Comput. Biol.",
   Year="2017",
   Volume="13",
   Number="1",
   Pages="e1005268",
   Month="Jan"
}

@inproceedings{AdamiBrown1994,
  title={Evolutionary Learning in the 2D Artificial Life System ``Avida''},
  booktitle={Artificial Life {IV}},
  author={Adami, C. and Titus Brown, C.},
  year={1994},
   url = {https://arxiv.org/abs/adap-org/9405003v1},
}
